%! Author = AmirDahan
%! Date = 8/26/21

